@Misc{tesi,
title = {IEEE 802.21: Media Independent Handover},
note = {Tesi di Laurea Triennale},
howpublished = {\url{https://github.com/phra/802_21/blob/master/tesi/master.pdf?raw=true}},
OPTannote = {annote},
}

@Misc{progettotesi,
title = {MIH-Proxy},
howpublished = {\url{https://github.com/phra/802_21}},
note = {Progetto di Tesi di Laurea Triennale},
OPTannote = {annote},
}

@Misc{vsd,
title = {UMsandnet},
howpublished = {\url{https://github.com/phra/UMsandnet}},
note = {Progetto di Sviluppo di Sistemi Virtuali},
OPTannote = {annote},
}

@Misc{trovatutto,
title = {Trovatutto},
howpublished = {\url{https://play.google.com/store/apps/details?id=it.indieCODE.App4BO}},
note = {Applicazione per Android},
OPTannote = {annote},
}

@Misc{shuttle,
title = {Shuttle},
howpublished = {\url{https://github.com/phra/SuperJumper}},
note = {Videogioco cross-platform},
OPTannote = {annote},
}

@Misc{lis,
title = {Progetto Ingegneria del Software},
howpublished = {\url{https://github.com/phra/progettoLIS}},
note = {Gestione servizio distribuito di autonoleggio},
OPTannote = {annote},
}

@Misc{so,
title = {Progetto Sistemi Operativi},
howpublished = {\url{https://github.com/phra/project-pkaya-2012}},
note = {Kernel minimale per architettura MIPS},
}

@Misc{phoxy,
title = {Phoxy},
howpublished = {\url{https://github.com/phra/802_21/tree/master/phoxy}},
note = {Bidirectional TCP over UDP proxy},
}

@Misc{reti,
title = {Progetto di Reti di Calcolatori},
howpublished = {\url{https://github.com/phra/progettoRETI}},
}

@Misc{codicetw,
title = {Codice del Progetto di Tecnologie Web},
howpublished = {\url{https://github.com/phra/progettoTW}},
}

@Misc{progettotw,
title = {Progetto di Tecnologie Web},
howpublished = {\url{http://ltw1129.web.cs.unibo.it/}},
}

